[gd_scene load_steps=7 format=2]

[ext_resource path="res://assets/image/pipe-green.png" type="Texture" id=1]
[ext_resource path="res://assets/script/pipe.gd" type="Script" id=2]
[ext_resource path="res://assets/image/pipe-red.png" type="Texture" id=3]

[sub_resource type="RectangleShape2D" id=1]
extents = Vector2( 24, 160 )

[sub_resource type="RectangleShape2D" id=2]
extents = Vector2( 25.1549, 160 )

[sub_resource type="RectangleShape2D" id=3]
extents = Vector2( 8.10798, 56 )

[node name="pipe" type="Node2D"]
script = ExtResource( 2 )

[node name="StaticBody2D" type="StaticBody2D" parent="."]

[node name="CollisionShape2D" type="CollisionShape2D" parent="StaticBody2D"]
position = Vector2( 0, 216 )
shape = SubResource( 1 )
__meta__ = {
"_edit_group_": true
}

[node name="pipe-green" type="Sprite" parent="StaticBody2D/CollisionShape2D"]
visible = false
texture = ExtResource( 1 )

[node name="pipe-red" type="Sprite" parent="StaticBody2D/CollisionShape2D"]
visible = false
texture = ExtResource( 3 )

[node name="CollisionShape2D2" type="CollisionShape2D" parent="StaticBody2D"]
position = Vector2( 0, -216 )
shape = SubResource( 2 )
__meta__ = {
"_edit_group_": true
}

[node name="pipe-green2" type="Sprite" parent="StaticBody2D/CollisionShape2D2"]
visible = false
position = Vector2( 0, -1.52588e-05 )
rotation = -3.14159
texture = ExtResource( 1 )

[node name="pipe-red2" type="Sprite" parent="StaticBody2D/CollisionShape2D2"]
visible = false
rotation = -3.14159
texture = ExtResource( 3 )

[node name="scoreCount" type="Area2D" parent="."]

[node name="ScorePluss" type="CollisionShape2D" parent="scoreCount"]
shape = SubResource( 3 )
